@misc{bee_panel_example,
  url     = {https://www.klipartz.com/es/sticker-png-tigsh},
  author = {klipartz},
  journal = {Klipartz.com},
  year    = {2023}
}

â€Œ